
@article{chap-lit-report,
  title = {Literature Report},
  author = {MA Barrowman},
  journal = {Unpublished Draft}
}

@article{chap-scoping-review,
  title = {The Application of Multi-State Methods to Develop Clinical Prediction Models Designed for Clinical Use - A Scoping Review},
  author = {MA Barrowman, D Jenkins, GP Martin, N Peek, M Lambie, M Sperrin},
  journal = {Unpublished Draft},
  doi = {https://doi.org/10.17605/OSF.IO/HR6QD}
}

@article{chap-IPCW-logisitic,
  title = {Inverse Probability Weighting Adjustment of the Logistic Regression Calibration-in-the-Large},
  author = {MA Barrowman, A Pate, GP Martin, CJM Sammut-Powell, M Sperrin},
  journal = {Unpublished Draft}
}

@article{chap-performance-metrics,
  title = {Prediction Model Performance Metrics for the Validation of Multi-State Clinical Prediction Models},
  author = {MA Barrowman, GP Martin, N Peek, M Lambie, M Sperrin},
  journal = {Unpublished Draft}
}

@article{chap-dev-paper,
  title = {Development and External Validation of a Multi-State Clinical Prediction Model for Chronic Kidney Disease Patients Progressing onto Renal Replacement Therapy and Death},
  author = {MA Barrowman, GP Martin, N Peek, M Lambie, W Hulme, R Chinnadurai, J Lees, P Kalra, P Mark, J Traynor, M Sperrin},
  journal = {Unpublished Draft}
}







